@article{das2016design,
  title={Design and methodology of line follower automated guided vehicle-a review},
  author={Das, Suman Kumar},
  journal={International Journal of Science Technology \& Engineering},
  volume={2},
  number={10},
  pages={9--13},
  year={2016}
}

@article{moshayedi2019agv,
  title={AGV (automated guided vehicle) robot: Mission and obstacles in design and performance},
  author={Moshayedi, Ata Jahangir and Jinsong, Li and Liao, Liefa},
  journal={Journal of Simulation and Analysis of Novel Technologies in Mechanical Engineering},
  volume={12},
  number={4},
  pages={5--18},
  year={2019},
  publisher={Islamic Azad University, Khomeinishahr Branch}
}

@article{reveliotis2000conflict,
  title={Conflict resolution in AGV systems},
  author={Reveliotis, Spyros A},
  journal={Iie Transactions},
  volume={32},
  number={7},
  pages={647--659},
  year={2000},
  publisher={Springer}
}

@inproceedings{shengfang2006research,
  title={Research on the AGV based robot system used in substation inspection},
  author={Shengfang, Li and Xingzhe, Hou},
  booktitle={2006 International Conference on Power System Technology},
  pages={1--4},
  year={2006},
  organization={IEEE}
}
@book{joseph2018mastering,
  title={Mastering ROS for Robotics Programming: Design, build, and simulate complex robots using the Robot Operating System},
  author={Joseph, Lentin and Cacace, Jonathan},
  year={2018},
  publisher={Packt Publishing Ltd}
}

@online{ros_urdf_xml,
  author= {ROS Wiki},
  title= {urdf/XML - ROS Wiki},
  year= {2023},
  url= {http://wiki.ros.org/urdf/XML},
  urldate= {2023-08-20}}

  @book{groover2016automation,
  title={Automation, production systems, and computer-integrated manufacturing},
  author={Groover, Mikell P},
  year={2016},
  publisher={Pearson Education India}
}

@article{jazar2019road,
  title={Road dynamics},
  author={Jazar, Reza N and Jazar, Reza N},
  journal={Advanced Vehicle Dynamics},
  pages={297--350},
  year={2019},
  publisher={Springer}
}

@article{ashby1994materials,
  title={Materials selection in mechanical design},
  author={Ashby, Michael F},
  journal={Metallurgia Italiana},
  volume={86},
  pages={475--475},
  year={1994},
  publisher={FAE RIVISTE-FRANCO ANGELI EDITORE RIVISTE}
}