@inproceedings{koenig2004design,
  author = {Koenig, N. and Howard, A.},
  title = {Design and use paradigms for Gazebo, an open-source multi-robot simulator},
  booktitle = {IEEE/RSJ International Conference on Intelligent Robots and Systems (IROS)},
  address = {Sendai, Japan},
  month = {Sep},
  year = {2004},
  pages = {2149--2154},
  publisher = {IEEE}
}
@misc{smith2016,
  author    = {Russell L. Smith},
  title     = {Open Dynamics Engine},
  year      = {2016},
  howpublished = {\url{https://bitbucket.org/odedevs/ode/}},
  note      = {Online}
}
@misc{bullet2016,
  author    = {Real-Time Physics Simulation},
  title     = {BULLET Physics Library},
  year      = {2016},
  howpublished = {\url{http://bulletphysics.org/wordpress/}},
  note      = {Online}
}

@misc{simbody2016,
  title     = {Simbody: Multibody Physics API},
  year      = {2016},
  howpublished = {\url{https://simtk.org/home/simbody/}},
  note      = {Online}
}

@misc{dart2016,
  author    = {Georgia Tech Graphics Lab and Humanoid Robotics Lab},
  title     = {DART (Dynamic Animation and Robotics Toolkit)},
  year      = {2016},
  howpublished = {\url{http://dartsim.github.io/}},
  note      = {Online}
}

@misc{ogre2016,
  author    = {OGRE3D},
  title     = {Object-Oriented Graphics Rendering Engine},
  year      = {2016},
  howpublished = {\url{http://www.ogre3d.org/}},
  note      = {Online}
}
@inproceedings{lera2014mobile,
  title={Mobile Robot Performance in Robotics Challenges: Analyzing a Simulated Indoor Scenario and its Translation to Real-World},
  author={Lera, Francisco R and Garcia, Francisco C and Esteban, Gabriel and Matellan, Vicente},
  booktitle={Proc. 2014 Second International Conference on Artificial Intelligence, Modelling and Simulation},
  pages={149--154},
  year={2014}
}